@incollection{1,
    author = {Liu Xiaobo},
    title = {Using Truth to Undermine a System of Lies},
    booktitle = {No Enemies, No Hatred: Selected Essays and Poems},
    publisher = {Belknap Press},
    year = {2013},
    isbn = {978-0674072329}
}

